@online{aaronson2018certified,
  title = {Certified Randomness from Quantum Supremacy},
  author = {Scott Aaronson},
  date = {2018},
  organization = {YouTube},
  url = {https://www.youtube.com/watch?v=hf7-Elx1Y4w}
}

@article{arute2019quantum,
  title = {Quantum Supremacy Using a Programmable Superconducting Processor},
  author = {Arute, Frank and Arya, Kunal and Babbush, Ryan and Bacon, Dave and Bardin, Joseph C. and Barends, Rami and Biswas, Rupak and Boixo, Sergio and Brandao, Fernando G. S. L. and Buell, David A. and Burkett, Brian and Chen, Yu and Chen, Zijun and Chiaro, Ben and Collins, Roberto and Courtney, William and Dunsworth, Andrew and Farhi, Edward and Foxen, Brooks and Fowler, Austin and Gidney, Craig and Giustina, Marissa and Graff, Rob and Guerin, Keith and Habegger, Steve and Harrigan, Matthew P. and Hartmann, Michael J. and Ho, Alan and Hoffmann, Markus and Huang, Trent and Humble, Travis S. and Isakov, Sergei V. and Jeffrey, Evan and Jiang, Zhang and Kafri, Dvir and Kechedzhi, Kostyantyn and Kelly, Julian and Klimov, Paul V. and Knysh, Sergey and Korotkov, Alexander and Kostritsa, Fedor and Landhuis, David and Lindmark, Mike and Lucero, Erik and Lyakh, Dmitry and Mandr{\`a}, Salvatore and McClean, Jarrod R. and McEwen, Matthew and Megrant, Anthony and Mi, Xiao and Michielsen, Kristel and Mohseni, Masoud and Mutus, Josh and Naaman, Ofer and Neeley, Matthew and Neill, Charles and Niu, Murphy Yuezhen and Ostby, Eric and Petukhov, Andre and Platt, John C. and Quintana, Chris and Rieffel, Eleanor G. and Roushan, Pedram and Rubin, Nicholas C. and Sank, Daniel and Satzinger, Kevin J. and Smelyanskiy, Vadim and Sung, Kevin J. and Trevithick, Matthew D. and Vainsencher, Amit and Villalonga, Benjamin and White, Theodore and Yao, Z. Jamie and Yeh, Ping and Zalcman, Adam and Neven, Hartmut and Martinis, John M.},
  year = {2019},
  volume = {574},
  pages = {505--510},
  doi = {10.1038/s41586-019-1666-5},
  journal = {Nature},
  number = {7779}
}

@article{boixo2018characterizing,
  title = {Characterizing Quantum Supremacy in Near-Term Devices},
  author = {Boixo, Sergio and Isakov, Sergei V. and Smelyanskiy, Vadim N. and Babbush, Ryan and Ding, Nan and Jiang, Zhang and Bremner, Michael J. and Martinis, John M. and Neven, Hartmut},
  year = {2018},
  volume = {14},
  pages = {595--600},
  doi = {10.1038/s41567-018-0124-x},
  journal = {Nat. Phys.},
  number = {6}
}

@article{neill2018blueprint,
  title = {A Blueprint for Demonstrating Quantum Supremacy with Superconducting Qubits},
  author = {Neill, C. and Roushan, P. and Kechedzhi, K. and Boixo, S. and Isakov, S. V. and Smelyanskiy, V. and Megrant, A. and Chiaro, B. and Dunsworth, A. and Arya, K. and Barends, R. and Burkett, B. and Chen, Y. and Chen, Z. and Fowler, A. and Foxen, B. and Giustina, M. and Graff, R. and Jeffrey, E. and Huang, T. and Kelly, J. and Klimov, P. and Lucero, E. and Mutus, J. and Neeley, M. and Quintana, C. and Sank, D. and Vainsencher, A. and Wenner, J. and White, T. C. and Neven, H. and Martinis, J. M.},
  year = {2018},
  volume = {360},
  pages = {195--199},
  doi = {10.1126/science.aao4309},
  journal = {Science},
  number = {6385}
}

@article{pan2021simulating,
  title = {Simulating the {{Sycamore}} Quantum Supremacy Circuits},
  author = {Pan, Feng and Zhang, Pan},
  year = {2021},
  archiveprefix = {arXiv},
  eprint = {2103.03074},
  eprinttype = {arxiv},
  journal = {arXiv}
}

@article{pednault2019leveraging,
  title = {Leveraging Secondary Storage to Simulate Deep 54-Qubit {{Sycamore}} Circuits},
  author = {Pednault, Edwin and Gunnels, John A. and Nannicini, Giacomo and Horesh, Lior and Wisnieff, Robert},
  year = {2019},
  archiveprefix = {arXiv},
  eprint = {1910.09534},
  eprinttype = {arxiv},
  journal = {arXiv}
}

@article{peruzzo2014variational,
  title = {A Variational Eigenvalue Solver on a Photonic Quantum Processor},
  author = {Peruzzo, Alberto and McClean, Jarrod and Shadbolt, Peter and Yung, Man-Hong and Zhou, Xiao-Qi and Love, Peter J. and {Aspuru-Guzik}, Al{\'a}n and O'Brien, Jeremy L.},
  year = {2014},
  volume = {5},
  pages = {4213},
  doi = {10.1038/ncomms5213},
  journal = {Nat. Commun.},
  number = {1}
}

@article{pogorelov2021compact,
  title = {A Compact Ion-Trap Quantum Computing Demonstrator},
  author = {Pogorelov, Ivan and Feldker, Thomas and Marciniak, Christian D. and Postler, Lukas and Jacob, Georg and Kriegelsteiner, Oliver and Podlesnic, Verena and Meth, Michael and Negnevitsky, Vlad and Stadler, Martin and H{\"o}fer, Bernd and W{\"a}chter, Christoph and Lakhmanskiy, Kirill and Blatt, Rainer and Schindler, Philipp and Monz, Thomas},
  year = {2021},
  archiveprefix = {arXiv},
  eprint = {2101.11390},
  eprinttype = {arxiv},
  journal = {arXiv}
}

@article{sorensen1999quantum,
  title = {Quantum {{Computation}} with {{Ions}} in {{Thermal Motion}}},
  author = {S{\o}rensen, Anders and M{\o}lmer, Klaus},
  year = {1999},
  volume = {82},
  pages = {1971--1974},
  doi = {10.1103/PhysRevLett.82.1971},
  journal = {Phys. Rev. Lett.},
  number = {9}
}
